% Encoding: UTF-8
@article{shultz2011software,
  title={Software Testing: Testing Across the Entire Software Development Lifecycle},
  author={Shultz, Alan},
  journal={Software Quality Professional},
  volume={14},
  number={1},
  pages={50},
  year={2011},
  publisher={American Society for Quality}
}

@inproceedings{xie2006studying,
  title={Studying the characteristics of a" Good" GUI test suite},
  author={Xie, Qing and Memon, Atif M},
  booktitle={2006 17th International Symposium on Software Reliability Engineering},
  pages={159--168},
  year={2006},
  organization={IEEE}
}

@article{anand12importance,
  title={Importance of Software Testing in the Process of Software Development},
  author={Anand, A},
  journal={International Journal for Scientfic Research and Development},
  volume={12},
  number={6}
}

@book{dustin1999automated,
  title={Automated software testing: introduction, management, and performance},
  author={Dustin, Elfriede and Rashka, Jeff and Paul, John},
  year={1999},
  publisher={Addison-Wesley Professional}
}

@book{singh2012software,
  title={Software testing},
  author={Singh, Sanjay Kumar and Singh, Amarjeet},
  year={2012},
  publisher={Vandana Publications}
}

@article{jaleel2019testing,
  title={Testing Web Applications},
  author={Jaleel, Hanan Qassim},
  journal={SSRG International Journal of Computer Science and Engineering},
  volume={6},
  number={12},
  pages={1--9},
  year={2019}
}

@INPROCEEDINGS{883774,
  author={Subraya, B.M. and Subrahmanya, S.V.},
  booktitle={Proceedings First Asia-Pacific Conference on Quality Software},
  title={Object driven performance testing of Web applications},
  year={2000},
  volume={},
  number={},
  pages={17-26},
  doi={10.1109/APAQ.2000.883774}}

@INPROCEEDINGS{526394,
  author={Murugesan, S.},
  booktitle={Proceedings of 1994 1st International Conference on Software Testing, Reliability and Quality Assurance (STRQA'94)},
  title={Attitude towards testing: a key contributor to software quality},
  year={1994},
  volume={},
  number={},
  pages={111-115},
  doi={10.1109/STRQA.1994.526394}}

@article{kumar2010software,
  title={Software testing--goals, principles, and limitations},
  author={Kumar, Pavan and Syed, Khasim},
  journal={doi: https://www. ijesat. org/Volumes/2011\_Vol\_01\_Iss\_01/IJESAT\_2011\_01\_01\_},
  volume={12},
  year={2010}
}

@Article{Statista2021,
  author  = {Statista},
  journal = {https://www.statista.com/statistics/871513/worldwide-data-created/},
  title   = {Volume of data/information created, captured, copied, and consumed worldwide from 2010 to 2025},
  year    = {2021},
}

@Article{Devi2015,
  author  = {B. Vasundhara Devi},
  journal = {International Journal of Scientific & Engineering Research, Volume 6, Issue 8, August-2015},
  title   = {A Review of Testing Techniques and Principles in Software Quality Assurance Testing},
  year    = {2015},
}

@Article{Takeuch1996,
  author  = {Kazuyuki Takeuch},
  journal = {https://reports.aviation-safety.net/1994/19940426-0_A306_B-1816.pdf},
  title   = {AIRCRAFT ACCIDENT INVESTIGATION REPORT},
  year    = {1996},
}

@Article{AlainAbran2010,
  author = {Alain Abran, Rafa E. Al-Qutaish},
  title  = {ISO 9126: Analysis of Quality Models and Measures},
  year   = {2010},
}

@article{kappel1,
  title={1 Web Engineering--Die Disziplin zur systematischen Entwicklung von Web-Anwendungen},
  author={Kappel, Gerti and Pr{\"o}ll, Birgit and Reich, Siegfried and Retschitzegger, Werner}
}

@Article{Koomen1999,
  author  = {T. Koomen and M. Pol},
  journal = {Addison Wesley},
  title   = {Test Process Improvement—APractical Step-by-Step Guide to Structured Testing},
  year    = {1999},
}

@Article{Whittaker2000,
  author  = {J.A. Whittaker},
  journal = {IEEE Software, vol. 17, no. 1},
  title   = {What is Software Testing? And Why IsIt So Hard?},
  year    = {2000},
}

@article{briand2002uml,
  title={A UML-based approach to system testing},
  author={Briand, Lionel and Labiche, Yvan},
  journal={Software and systems modeling},
  volume={1},
  number={1},
  pages={10--42},
  year={2002},
  publisher={Springer}
}

@INPROCEEDINGS{131377,
  author={Leung, H.K.N. and White, L.},
  booktitle={Proceedings. Conference on Software Maintenance 1990},
  title={A study of integration testing and software regression at the integration level},
  year={1990},
  volume={},
  number={},
  pages={290-301},
  doi={10.1109/ICSM.1990.131377}}

@Article{Perfecto2020,
  author  = {Perfecto},
  journal = {https://www.perfecto.io/blog/switching-ui-automation-everything-you-need-know#whatisuiautomationtesting},
  title   = {Switching to UI Automation: Everything You Need to Know},
  year    = {2020},
}

@inproceedings{vokolos1998performance,
  title={Performance testing of software systems},
  author={Vokolos, Filippos I and Weyuker, Elaine J},
  booktitle={Proceedings of the 1st International Workshop on Software and Performance},
  pages={80--87},
  year={1998}
}

@ARTICLE{1392709,
  author={Arkin, B. and Stender, S. and McGraw, G.},
  journal={IEEE Security   Privacy},
  title={Software penetration testing},
  year={2005},
  volume={3},
  number={1},
  pages={84-87},
  doi={10.1109/MSP.2005.23}}

@article{sharma2014web,
  title={Web based automation testing and tools},
  author={Sharma, Monika and Angmo, Rigzin},
  journal={International Journal of Computer Science and Information Technologies},
  volume={5},
  number={1},
  pages={908--912},
  year={2014},
  publisher={Citeseer}
}

@Article{Buenen201718,
  author  = {Mark Buenen and Govind Muthukrishran},
  journal = {https://www.capgemini.com/wp-content/uploads/2018/01/world-quality-report-seured-2017-181.pdf?utm_source=pardot&utm_medium=email&utm_content=none_none_none_report_none&utm_campaign=optimize_wqr},
  title   = {World Quality Report},
  year    = {2017-18},
}

@Article{McAfee2017,
  author  = {McAfee},
  journal = {https://www.mcafee.com/blogs/internet-security/software-updates-important/},
  title   = {Why Software Updates Are So Important},
  year    = {2017},
}

@article{10.1145/605466.605479,
  author = {Holzmann, Gerard J.},
  title = {The Logic of Bugs},
  year = {2002},
  issue_date = {November 2002},
  publisher = {Association for Computing Machinery},
  address = {New York, NY, USA},
  volume = {27},
  number = {6},
  issn = {0163-5948},
  url = {https://doi.org/10.1145/605466.605479},
  doi = {10.1145/605466.605479},
  abstract = {Real-life bugs are successful because of their unfailing ability to adapt. In particular this applies to their ability to adapt to strategies that are meant to eradicate them as a species. Software bugs have some of these same traits. We will discuss these traits, and consider what we can do about them.},
  journal = {SIGSOFT Softw. Eng. Notes},
  month = {nov},
  pages = {81–87},
  numpages = {7},
  keywords = {SPIN, logic model checking, distributed systems software}
}

@Article{Ohye2010,
  author  = {Maile Ohye},
  journal = {https://youtu.be/OpMfx_Zie2g?t=567},
  title   = {Every second does count},
  year    = {2010},
}

@misc{docker,
  title = {Docker},
  howpublished = {\url{https://www.docker.com/}},
}

@Misc{xss,
  howpublished = {\url{https://owasp.org/www-community/attacks/xss/}},
  title        = {OWASP. About the OWASP Fondation. 2020:},
  year   = {2017},
  author = {KirstenS},
}

@Misc{serial,
  howpublished = {\url{https://docs.microsoft.com/de-de/dotnet/csharp/programming-guide/concepts/serialization/.}},
  title        = {Microsoft. Serialisierung (C#)},
  year   = {2020},
}
@Misc{deserial-img,
  howpublished = {\url{https://portswigger.net/web-security/deserialization}},
  title        = {Portswigger Insecure deserialization 2021},
  year   = {2021},
}


@Misc{owasp,
  howpublished = {\url{https://owasp.org/about/}},
  title        = {OWASP. About the OWASP Fondation. 2020:},
}

@Misc{owasp-comp,
  howpublished = {\url{https://owasp.org/www-project-top-ten/2017/A9_2017-Using_Components_with_Known_Vulnerabilities}},
  title        = {A9:2017-Using Components with Known Vulnerabilities},
  year = {2017},
}

@Misc{ibm-sec,
  title        = {Cost of a Data Breach Report},
  year = {2020},
  author = {IBM Security},
}

@Article{Stock2017,
  author = {Andrew van der Stock},
  title  = {OWASP Top 10 2017 The Ten Most Critical Web Application Security Risks},
  year   = {2017},
}

@Article{selenium-survey,
  author = {Boni García, Micael Gallego, Francisco Gortázar and Mario Munoz-Organero},
  title  = {A Survey of the Selenium Ecosystem},
  year   = {30/07/2020},
}

@Misc{vulscan,
  author = {OWASP WWW-Community},
  title  = {Vulnerability Scanning Tools},
  howpublished = {\url{https://owasp.org/www-community/Vulnerability_Scanning_Tools}},
  year   = {2021},
}

@Misc{benchmark,
  author = {OWASP WWW-Community},
  title  = {OWASP Benchmark},
  howpublished = {\url{https://owasp.org/www-project-benchmark/}},
  year   = {2021},
}

@Misc{zap,
  author = {OWASP WWW-Community},
  title  = {ZAP Official Website},
  howpublished = {\url{https://www.zaproxy.org/}},
  year   = {2021},
}

@Misc{spider,
  author = {OWASP WWW-Community},
  title  = {ZAP Spider},
  howpublished = {\url{https://www.zaproxy.org/docs/desktop/start/features/spider/}},
  year   = {2021},
}

@Misc{ajax,
  author = {OWASP WWW-Community},
  title  = {Ajax Spider},
  howpublished = {\url{https://www.zaproxy.org/docs/desktop/addons/ajax-spider/options/}},
  year   = {2021},
}

@Misc{passiv,
  author = {OWASP WWW-Community},
  title  = {Passive Scan Rules},
  howpublished = {\url{https://www.zaproxy.org/docs/desktop/addons/passive-scan-rules/}},
  year   = {2021},
}


@Misc{activ,
  author = {OWASP WWW-Community},
  title  = {Active Scan Rules},
  howpublished = {\url{https://www.zaproxy.org/docs/desktop/addons/active-scan-rules/}},
  year   = {2021},
}

@Misc{perfComp,
  author = {QA InfoTech},
  title  = {Best 9 Performance Testing Tools Trending In 2021},
  howpublished = {\url{https://qainfotech.com/best-9-performance-testing-tools/}},
  year   = {2021},
}

@Misc{jmeter,
  author = {Apache Software Foundation},
  title  = {JMeter Documentation},
  howpublished = {\url{https://jmeter.apache.org/}},
  year   = {2021},
}

@Misc{browserstack,
  author = {Sadhvi Singh},
  title  = {Learn about TestNG Framework – How to Automate using Selenium},
  howpublished = {\url{https://www.browserstack.com/guide/testng-framework-with-selenium-automation}},
  year   = {2019},
}

@Article{Stewart2016,
  author  = {Simon Stewart},
  journal = {aosabook.org},
  title   = {The Architecture of Open Source Applications : Selenium WebDriver},
  year    = {2016},
}

@Comment{jabref-meta: databaseType:bibtex;}
